<record><leader>00000cas a22000007a 4500</leader><controlfield tag="001">38331521</controlfield><controlfield tag="008">980205d199u199uiauwr n       0   a0eng c</controlfield><datafield ind1=" " ind2=" " tag="010"><subfield code="a">sn 98001831 </subfield></datafield><datafield ind1=" " ind2=" " tag="040"><subfield code="a">NSD</subfield><subfield code="b">eng</subfield><subfield code="c">NSD</subfield><subfield code="d">OCLCQ</subfield></datafield><datafield ind1=" " ind2=" " tag="012"><subfield code="j">0</subfield><subfield code="m">d</subfield></datafield><datafield ind1="1" ind2=" " tag="022"><subfield code="a">1097-9123</subfield><subfield code="l">1097-9123</subfield><subfield code="2">1</subfield></datafield><datafield ind1=" " ind2=" " tag="042"><subfield code="a">nsdp</subfield><subfield code="a">pcc</subfield></datafield><datafield ind1=" " ind2="0" tag="222"><subfield code="a">Greater metropolitan news bystander</subfield></datafield><datafield ind1="0" ind2="0" tag="245"><subfield code="a">Greater metropolitan news bystander.</subfield></datafield><datafield ind1=" " ind2=" " tag="260"><subfield code="a">Des Moines, Iowa :</subfield><subfield code="b">Narcisse Print. and Pub.</subfield></datafield><datafield ind1=" " ind2=" " tag="300"><subfield code="a">v.</subfield></datafield><datafield ind1=" " ind2=" " tag="310"><subfield code="a">Weekly</subfield></datafield><datafield ind1=" " ind2=" " tag="588"><subfield code="a">Description based on: Vol. 105, no. 1 (Jan. 16-18, 1998).</subfield></datafield><datafield ind1=" " ind2=" " tag="752"><subfield code="a">United States</subfield><subfield code="b">Iowa</subfield><subfield code="c">Polk</subfield><subfield code="d">Des Moines.</subfield></datafield><datafield ind1="0" ind2="0" tag="780"><subfield code="t">Iowa bystander (Des Moines, Iowa : 1986)</subfield><subfield code="x">1095-9017</subfield><subfield code="w">(DLC)sn 87057121</subfield></datafield><datafield ind1="0" ind2="0" tag="785"><subfield code="t">Bystander (Urbandale, Iowa : 1998)</subfield><subfield code="x">1521-7477</subfield><subfield code="w">(DLC)sn 98002473</subfield></datafield></record>